@article{blei2003latent,
  title={Latent dirichlet allocation},
  author={Blei, David M and Ng, Andrew Y and Jordan, Michael I},
  journal={the Journal of machine Learning research},
  volume={3},
  pages={993--1022},
  year={2003},
  publisher={JMLR. org}
}
@inproceedings{onlineLDA,
title = {Online Learning for Latent Dirichlet Allocation},
author ={Matthew Hoffman, David Blei},
booktitle={Francis Bach: NIPS},
year={2010}
}
@inproceedings{onlineVarinfer,
title={Online Variational Inference for the Hierarchical Dirichlet Process},
author={Chong Wang,John Paisley,David M. Blei},
booktitle={NIPS},
year={2012}
}
@article{svi,
title={Stochastic Variational Inference},
author={Matthew Hoffman, David Blei, et al},
journal={Journal of Machine Learning Research 14},
papes={1303-1347},
year={2013}
}

@inproceedings{streamvb,
title= {Streaming Variational Bayes},
author= {Tamara Broderick, Nicholas Boyd and Andre Wibisono, Ashia C. Wilson and Michael I. Jordan},
booktitle={Neural Information Processing Systems },
papers = {1727-1735},
year={2013}
}

@article{fwinfer,
title={Inference in topic models I: sparsity and trade-off},
author={Khoat Than, Tu Bao Ho},
journal={Journal of Machine Learning Research},
year={2015}
}


@article{intergratingdocument,
title={Intergrating Document Clustering and Topic Modeling},
author={ Pengtao Xie, Eric P.Xing},
journal = {0},
year={0}
}

@inproceedings{leveragingdomain,
title={Leveraging Multi-Domain Prior Knowledge in Topic Models},
author={Zhiyuan C,Arjun M, et al},
booktitle={International Joint Conference on Artificial Intelligence - 23th},
year={2013}
}


@article{topicmodelingdomain,
title={Topic Modeling using Topics from Many Domains,Lifelong Learning and Big Data},
author={Zhiyuan Chen,Bing Liu},
journal={0},
year={0}
}

@inproceedings{lexicalpriors,
title={Incorporating Lexical Priors into Topic Models},
author={Jagadeesh J, et al},
booktitle={EACL 13th},
year={‎2012}
}

@inproceedings{aframeworkfordomain,
title={A framework for incorporating general domain knowledge into latent Dirichlet allocation using first-order logic},
author={David A, et al},
booktitle={IJCAI'11},
volume = {2},
year={2011}
}

@article{zipflaw,
title={Power laws, Pareto distributions and Zipf’s law},
author={ M. E. J. Newman},
journal={	Contemporary Physics},
volume = {46},
papers={323-351},
year={2005}
}

@article{zipf2,
title={Zipf’s word frequency law in natural language: a critical review and future directions },
author={Steven T. Piantadosi},
journal={Psychonomic Bulletin and Review },
volume = {21},
number = {5},
papers = {1112-1130},
year={2014}
}

@article{logictext,
title={Natural Logic for Textual Inference},
author={Bill MacCartney, Christopher D. Manning},
journal={0},
year={0}
}

@inproceedings{towardstopicsemantic,
title={Towards the Improvement of a Topic Model
with Semantic Knowledge},
author={Adriana F., Ana A.,et al},
booktitle={Artificial Intelligence: 17th},
volume = {9273},
paper={759-770},
year={2015}
}

@article{fullyspared,
title={Fully Sparse Topic Models},
author={ Khoat Than, Ho Tu Bao},
journal={Journal of Machine Learning Research },
year={2012}
}

@inproceedings{DBLP:conf/acml/ThanD14,
  author    = {Khoat Than and
               Tung Doan},
  title     = {Dual online inference for latent Dirichlet allocation},
  booktitle = {Proceedings of the Sixth Asian Conference on Machine Learning (ACML)},
  pages= {80--95},
  year = {2014}
}
 
@article{firstorderlogic,
title={A Tractable First-Order Probabilistic Logic},
author={Pedro M., Austin W.},
journal={Association for the Advancement of Artificial Intelligence},
year={2012}
}

@article{teh2006hierarchical,
  title={Hierarchical dirichlet processes},
  author={Teh, Yee Whye and Jordan, Michael I and Beal, Matthew J and Blei, David M},
  journal={Journal of the American Statistical Association},
  volume={101},
  number={476},
  year={2006}
}
@inproceedings{wang2011online,
  title={Online variational inference for the hierarchical Dirichlet process},
  author={Wang, Chong and Paisley, John W and Blei, David M},
  booktitle={International conference on artificial intelligence and statistics},
  pages={752--760},
  year={2011}
}

@inproceedings{yin2014dirichlet,
  title={A dirichlet multinomial mixture model-based approach for short text clustering},
  author={Yin, Jianhua and Wang, Jianyong},
  booktitle={Proceedings of the 20th ACM SIGKDD international conference on Knowledge discovery and data mining},
  pages={233--242},
  year={2014},
  organization={ACM}
}
@inproceedings{aletras2013evaluating,
  title={Evaluating topic coherence using distributional semantics},
  author={Aletras, Nikolaos and Stevenson, Mark},
  booktitle={Proceedings of the 10th International Conference on Computational Semantics (IWCS 2013)},
  pages={13--22},
  year={2013}
}
@article{hoffman2013stochastic,
  title={Stochastic variational inference},
  author={Hoffman, David Blei,et al},
  journal={The Journal of Machine Learning Research},
  volume={14},
  number={1},
  pages={1303--1347},
  year={2013},
  publisher={JMLR. org}
}


@article{schonhofen2009identifying,
  title={Identifying document topics using the Wikipedia category network},
  author={Sch{\"o}nhofen, Peter},
  journal={Web Intelligence and Agent Systems},
  volume={7},
  number={2},
  pages={195--207},
  year={2009},
  publisher={IOS Press}
}

@inproceedings{hofmann1999probabilistic,
  title={Probabilistic latent semantic indexing},
  author={Hofmann, Thomas},
  booktitle={Annual international ACM SIGIR conference on Research and development in information retrieval},
  pages={50--57},
  year={1999},
  organization={ACM}
}
@incollection{intract,
title = {Complexity of Inference in Latent Dirichlet Allocation},
author = {Sontag, David and Dan Roy},
booktitle = {Advances in Neural Information Processing Systems 24},
editor = {J. Shawe-Taylor and R. S. Zemel and P. L. Bartlett and F. Pereira and K. Q. Weinberger},
pages = {1008--1016},
year = {2011},
publisher = {Curran Associates, Inc.},
}
@techreport{sethuraman1991constructive,
  title={A constructive definition of Dirichlet priors},
  author={Sethuraman, Jayaram},
  year={1991},
  institution={DTIC Document}
}
@inproceedings{supervisedmvlda,
title={Staying Informed: Supervised and Semi-Supervised Multi-view
Topical Analysis of Ideological Perspective},
author ={Ahmed A, Xing E.P},
booktitle={Conference on Emprical in Natural Language Processing- Association for Computational Linguistic},
papes={1140--1150},
year={2010},
}
@inproceedings{mgctm,
title ={Integrating Document Clustering and Topic Modeling},
author={Xie P., Xing E.P},
booktitle={Uncertainty in Artificial Intelligence 29th},
year={2013}
}
@article{introwordnet,
title={Introduction to WordNet: An On-line Lexical Database},
author ={George A.M, Richard B., et al},
journal={Internaltional Journal of Lexicography},
volume={3},
papers={235-244},
year={1990}
}
@inproceedings{dualonline,
title={Dual online inference for latent Dirichlet allocation},
author = {Khoat Than, Tung Doan},
booktitle = {Asian Conference on Machine Learning, Workshop and Conference Proceedings 37th},
year = {2014}
}
@inproceedings{populationdis,
title = {The Population Posterior and Bayesian Inference on Streams},
author = {James McInerney, Rajesh Ranganath, David M. Blei},
booktitle = {?},
year = {2015}
}
@inproceedings{lpp,
title ={Stochastic variational inference},
author = {Hoffman, David Blei, Wang et al},
booktitle = {The Journal of Machine Learning Research 14},
year = {2013},
volume = {1},
papers = {1303-1347},
}
@inproceedings{backgroudknowledge,
title={Combining Background Knowledge and Learned Topics},
author = {Mark Steyvers, Padhraic Smyth, et al},
booktitle ={Cognitive Science 3rd},
year = {2011},
volume = {1},
papers = {18-47},
}
@inproceedings{priorforestdirichlet,
title={Incorporating domain knowledge into topic modeling via Dirichlet Forest priors},
author = {David Andrzejewski,et al},
booktitle = {International Conference on Machine Learning 26th},
year = {2009},
volume = {1},
papers = {25-32}

}
@article{LSI,
title={Indexing by latent semantic analysis},
author ={Scott Deerwester, Susan T and George W, Thomas K and Richard Harshman},
journal={Journal of The American society for information science},
volume={41},
number = {6},
papers={391-407},
year={1990}
}
@article{plsi,
title={Probabilistic latent Semantic Indexing},
author ={Thomas Hoffman},
journal={Annual international conference on Research and development in information retrieval},
papers={50-57},
year={1999}
}
@misc{listfrequencyword,
  author = {Mark Davies},
  title = {Word frequency: based on 450 milion word COCA corpus},
  howpublished = {http://www.wordfrequency.info/intro.asp},
  note = {Truy cập: 20-1-2016}
}
@misc{listwordtopic,
  author = {Vocabulary University},
  title = {Word list, List of words},
  howpublished = {https://myvocabulary.com/word-list/},
  note = {Truy cập: 20-1-2016}
}
